<record><leader>00000cas a22000007a 4500</leader><controlfield tag="001">11771657</controlfield><controlfield tag="008">850306d19041917wiudr ne      0    0eng d</controlfield><datafield ind1=" " ind2=" " tag="010"><subfield code="a">sn 85040291 </subfield></datafield><datafield ind1=" " ind2=" " tag="040"><subfield code="a">NPV</subfield><subfield code="b">eng</subfield><subfield code="c">NPV</subfield><subfield code="d">OCLCQ</subfield></datafield><datafield ind1=" " ind2=" " tag="042"><subfield code="a">msc</subfield></datafield><datafield ind1="0" ind2="0" tag="245"><subfield code="a">La Crosse leader=press.</subfield></datafield><datafield ind1=" " ind2=" " tag="260"><subfield code="a">La Crosse, Wis. :</subfield><subfield code="b">R.B. Gelatt,</subfield><subfield code="c">1904-1917.</subfield></datafield><datafield ind1=" " ind2=" " tag="300"><subfield code="a">v.</subfield></datafield><datafield ind1=" " ind2=" " tag="310"><subfield code="a">Daily</subfield></datafield><datafield ind1="0" ind2=" " tag="362"><subfield code="a">Vol. 47, no. 221 (Feb. 29, 1904)-v. 60, no. 190 (Jan. 20, 1917).</subfield></datafield><datafield ind1=" " ind2=" " tag="500"><subfield code="a">Also published in semiweekly ed., 1904-Mar. 1905?</subfield></datafield><datafield ind1=" " ind2=" " tag="580"><subfield code="a">Merged with: La Crosse tribune; and, La Crosse Sunday chronicle; to form: The La Crosse tribune and leader-press.</subfield></datafield><datafield ind1=" " ind2=" " tag="752"><subfield code="a">United States</subfield><subfield code="b">Wisconsin</subfield><subfield code="c">La Crosse</subfield><subfield code="d">La Crosse.</subfield></datafield><datafield ind1="0" ind2="0" tag="780"><subfield code="t">Crosse leader and press</subfield><subfield code="w">(DLC)sn 85040290</subfield></datafield><datafield ind1="1" ind2="7" tag="785"><subfield code="t">Crosse tribune (La Crosse, Wis. : 1904)</subfield><subfield code="w">(DLC)sn 87082113</subfield></datafield><datafield ind1="1" ind2="7" tag="785"><subfield code="t">Crosse Sunday chronicle</subfield><subfield code="w">(DLC)sn 85040279</subfield></datafield><datafield ind1="1" ind2="7" tag="785"><subfield code="t">Crosse tribune and leader-press</subfield><subfield code="w">(DLC)sn 87082114</subfield></datafield></record>